%%% Version[2025/02/24]%%AUTO

@book{DreyfusLaw1977,
	author={Dreyfus Stuart E. and Law Averill M.},
	title={The Art and Theory of Dynamic Programming},
	publisher={Academic Press},
	date={1977},
	edition={1},
	langid={english}
}
@book{Hardy1940,
	author={Hardy G. H.},
	title={Mathematician's Apology},
	publisher={Cambridge University Press},
	date={1940},
	edition={1},
	langid={english}
}
@book{Polya2004,
	author={P\'olya G.},
	title={How to Solve It},
	subtitle={A New Aspect of Mathematical Method},
	publisher={Princeton University Press},
	date={2004},
	edition={Expanded Princeton Science Library Edition},
	langid={english}
}
@online{Yak-shaving,
	title={What exactly is Yak shaving?},
	url={https://softwareengineering.stackexchange.com/q/388092/148975},
	date={2019-03-05},
	urldate={2025-06-03},
	langid={english}
}
@book{AleksanovaMarkushevich1982,
	author={Markushevich, A.I.},
	translator={Aleksanova, Irene},
	title={Complex Numbers and Conformal Mappings},
	publisher={Mir Publishers},
	location={Moscow},
	date={1982},
	langid={english}
}
@video{Moore1966,
	title={MAA Video Classics, No. 3 },
	titleaddon={R. L. Moore in Challenge in the Classroom-A Documentary},
	howpublished={DVD},
	date={1966},
	organization={Davidson Films, San Francisco},
	langid={english}
}
@online{PaulGarrettMathSE,
	title={How to Read a Book in Mathematics?},
	url={https://math.stackexchange.com/a/508272/83821},
	date={2013-09-28},
	urldate={2025-06-24},
	langid={english}
}
@online{ReviewsOfHalmosBooks,
	title={Reviews of Paul Halmos's books Part 2},
	url={https://mathshistory.st-andrews.ac.uk/Extras/Halmos_books_2/},
	date={2016-08-01},
	langid={english}
}
@online{GardnerSciAmColumns,
	title={Index to Mathematical Games},
	url={https://martin-gardner.org/MGSAindex.html},
	date={2025-07-01},
	langid={english}
}
